<?xml version="1.0" encoding="UTF-8"?><collection xmlns="http://www.loc.gov/MARC21/slim"><record><leader>00385nam--2200133-i-4500</leader><controlfield tag="001">000031895</controlfield><controlfield tag="002">20161230</controlfield><controlfield tag="005">20161230201038</controlfield><controlfield tag="008">060222s1000------------r-----000-0-eng-d</controlfield><datafield ind1=" " ind2=" " tag="080"><subfield code="a">621.039.54</subfield></datafield><datafield ind1=" " ind2=" " tag="100"><subfield code="a">Maxim, Ioan V</subfield></datafield><datafield ind1=" " ind2=" " tag="245"><subfield code="a">Studiul acoperirii combustibilului nuclear vitroceramic. /rezumatul tezeri de doctorat</subfield></datafield><datafield ind1=" " ind2=" " tag="260"><subfield code="a">Bucuresti, Inst.Politehnic, 1970, 45p</subfield></datafield><datafield ind1=" " ind2=" " tag="852"><subfield code="a">32490</subfield></datafield></record></collection>